@inproceedings{Karavanic2011,
 author = {Knapp, Rashawn L. and Karavanic, Karen L. and Krishnamoorthy, Sriram and Marquez, Andres},
 title = {Power- and Cooling- Aware Parallel Performance Diagnosis},
 booktitle = "Parallel and Distributed Computing and Systems (PDCS 2011)",
 year = {2011},
 address = {Dallas, USA},
 month = dec,
} 

@conference{Karavanic2010,
 author = {Knapp, Rashawn L. and Karavanic, Karen L. and Marquez, Andres},
 title = {Integrating Power and Cooling Into Parallel Performance Analysis},
 booktitle = "Parallel Processing Workshops (ICPPW)",
 year = {2010},
 month = sep,
} 

@article{Patnaik2011,
 author = {Patnaik, Debprakash and Marwah, Manish and Sharma, Ratnesh K. and Ramakrishnan, Naren},
 title = {Temporal data mining approaches for sustainable chiller management in data centers},
 journal = {ACM Trans. Intell. Syst. Technol.},
 issue_date = {July 2011},
 volume = {2},
 number = {4},
 month = jul,
 year = {2011},
 issn = {2157-6904},
 pages = {34:1--34:29},
 articleno = {34},
 numpages = {29},
 url = {http://doi.acm.org/10.1145/1989734.1989738},
 doi = {10.1145/1989734.1989738},
 acmid = {1989738},
 publisher = {ACM},
 address = {New York, NY, USA},
 keywords = {Data centers, chillers, clustering, frequent episodes, motifs, sustainability},
} 

@inproceedings{Patnaik2010,
 author = {Patnaik, Debprakash and Marwah, Manish and Sharma, Ratnesh K. and Ramakrishnan, Naren},
 title = {Data mining for modeling chiller systems in data centers},
 booktitle = {Proceedings of the 9th international conference on Advances in Intelligent Data Analysis},
 series = {IDA'10},
 year = {2010},
 isbn = {3-642-13061-5, 978-3-642-13061-8},
 location = {Tucson, AZ},
 pages = {125--136},
 numpages = {12},
 url = {http://dx.doi.org/10.1007/978-3-642-13062-5_13},
 doi = {10.1007/978-3-642-13062-5_13},
 acmid = {2163753},
 publisher = {Springer-Verlag},
 address = {Berlin, Heidelberg},
} 

@inproceedings{Patnaik2009,
 author = {Patnaik, Debprakash and Marwah, Manish and Sharma, Ratnesh and Ramakrishnan, Naren},
 title = {Sustainable operation and management of data center chillers using temporal data mining},
 booktitle = {Proceedings of the 15th ACM SIGKDD international conference on Knowledge discovery and data mining},
 series = {KDD '09},
 year = {2009},
 isbn = {978-1-60558-495-9},
 location = {Paris, France},
 pages = {1305--1314},
 numpages = {10},
 url = {http://doi.acm.org/10.1145/1557019.1557159},
 doi = {10.1145/1557019.1557159},
 acmid = {1557159},
 publisher = {ACM},
 address = {New York, NY, USA},
 keywords = {chillers, clustering, data centers, frequent episodes, motifs, sustainability},
} 

@inproceedings{Achtert,
 author = {Achtert, Elke and Hettab, Ahmed and Kriegel, Hans-Peter and Schubert, Erich and Zimek, Arthur},
 title = {Spatial outlier detection: data, algorithms, visualizations},
 booktitle = {Proceedings of the 12th international conference on Advances in spatial and temporal databases},
 series = {SSTD'11},
 year = {2011},
 isbn = {978-3-642-22921-3},
 location = {Minneapolis, MN},
 pages = {512--516},
 numpages = {5},
 url = {http://dl.acm.org/citation.cfm?id=2035253.2035303},
 acmid = {2035303},
 publisher = {Springer-Verlag},
 address = {Berlin, Heidelberg},
} 

